@book{Poularikas2007,
address = {Florida, Boca Rat{\'{o}}n},
author = {Poularikas, Alecander D},
doi = {https://doi.org/10.1201/b13774},
edition = {1st ed},
file = {:G$\backslash$:/Mi unidad/Ingenieria electonica y telecomunicaciones/Teor{\'{i}}a de Telecomunicaciones I (Comunicaciones Anal{\'{o}}gicas)/2021.1/Bibliograf{\'{i}}a/Libros/Alexander D. Poularikas-Signals and Systems Primer with MATLAB-CRC Press).pdf:pdf},
isbn = {9781420006957},
pages = {189},
publisher = {CRC Press},
title = {{Signals and Systems Primer with MATLAB}},
year = {2007}
}

@book{Sauchelli2020,
author = {Sauchelli, Victor Hugo},
isbn = {9789879406731},
language = {es},
pages = {310},
publisher = {Jorge Sarmiento Editor - Universitas},
title = {{Teoria de senales y sistemas lineales}},
url = {https://elibro.net/es/lc/unicauca/titulos/175159},
year = {2020}
}

@article{Silva2021,
author = {Silva, Maria},
file = {:G$\backslash$:/Mi unidad/Ingenieria electonica y telecomunicaciones/Teor{\'{i}}a de Telecomunicaciones I (Comunicaciones Anal{\'{o}}gicas)/2021.1/2. An{\'{a}}lisis de Fourier/1. Diapositivas cap{\'{i}}tulo 2/cap{\'{i}}tulo II.pdf:pdf},
isbn = {9781626239777},
journal = {Notas de clase},
pages = {50--69},
title = {{Cap{\'{i}}tulo II: An{\'{a}}lisis de Fourier}},
year = {2021}
}

@unpublished{Fabian,
author = {Fabi{\'{a}}n, Ing V{\'{i}}ctor and P{\'{e}}rez, Miram{\'{a}}},
file = {:C$\backslash$:/Users/Nicolas Chicaiza/AppData/Local/Mendeley Ltd./Mendeley Desktop/Downloaded/Fabi{\'{a}}n, P{\'{e}}rez - Unknown - TEOR{\'{I}}A DE TELECOMUNICACIONES I Sistemas Anal{\'{o}}gicos.pdf:pdf},
institution = {Universidad del Cauca},
title = {{TEOR{\'{I}}A DE TELECOMUNICACIONES I Sistemas Anal{\'{o}}gicos}},
url = {http://artemisa.unicauca.edu.co/{~}vflorez/TTL1/Documento Clase - Teoria de Telecomunicacion I VM.pdf}
}

@article{silviaRB,
address = {Popay{\'{a}}n},
author = {Silva, Maria},
file = {:G$\backslash$:/Mi unidad/Ingenieria electonica y telecomunicaciones/Teor{\'{i}}a de Telecomunicaciones I (Comunicaciones Anal{\'{o}}gicas)/2021.1/2. An{\'{a}}lisis de Fourier/14. Ejemplo aplicaci{\'{o}}n de las propiedades FT/RB 2021-03-10 18.20.41.pdf:pdf},
journal = {Notas de clase},
title = {{Ejercicio Transformada de Fourier}},
year = {2021}
}