@article{silviaRB,
address = {Popay{\'{a}}n},
author = {Silva, Maria},
file = {:G$\backslash$:/Mi unidad/Ingenieria electonica y telecomunicaciones/Teor{\'{i}}a de Telecomunicaciones I (Comunicaciones Anal{\'{o}}gicas)/2021.1/2. An{\'{a}}lisis de Fourier/14. Ejemplo aplicaci{\'{o}}n de las propiedades FT/RB 2021-03-10 18.20.41.pdf:pdf},
journal = {Notas de clase},
title = {{Ejercicio Transformada de Fourier}},
year = {2021}
}

@article{Silva2021,
author = {Silva, Maria},
file = {:G$\backslash$:/Mi unidad/Ingenieria electonica y telecomunicaciones/Teor{\'{i}}a de Telecomunicaciones I (Comunicaciones Anal{\'{o}}gicas)/2021.1/2. An{\'{a}}lisis de Fourier/1. Diapositivas cap{\'{i}}tulo 2/cap{\'{i}}tulo II.pdf:pdf},
isbn = {9781626239777},
journal = {Notas de clase},
pages = {50--69},
title = {{Cap{\'{i}}tulo II: An{\'{a}}lisis de Fourier}},
year = {2021}
}

